@article{Firth1957ASO,
  title={A synopsis of linguistic theory 1930-1955},
  author={Firth, John R},
  journal={Studies in Linguistic Analysis},
  year={1957}
}

@article{Mikolov2013DistributedRO,
  title={Distributed Representations of Words and Phrases and their Compositionality},
  author={Tomas Mikolov and Ilya Sutskever and Kai Chen and G. S. Corrado and J. Dean},
  journal={Advances in Neural Information Processing Systems},
  year={2013}
}

@article{pennington2014glove,
  title={GloVe: Global Vectors for Word Representation},
  author={Pennington, Jeffrey and Socher, Richard and Manning, Christopher D},
  journal={Empirical Methods in Natural Language Processing (EMNLP)},
  year={2014}
} 